@inproceedings{ahmed2019homogenization,
	title={Homogenization of Honeycomb Core in Sandwich Structures: A Review},
  	author={Ahmed, Naveed and Zafar, Naeem and Janjua, Hadiya Zafar},
	booktitle={2019 16th International Bhurban Conference on Applied Sciences and Technology (IBCAST)},
	pages={159--173},
	year={2019},
	organization={IEEE}
}
@article{alleyne1992interaction,
  title={The interaction of Lamb waves with defects},
  author={Alleyne, David N and Cawley, Peter},
  journal={IEEE transactions on ultrasonics, ferroelectrics, and frequency control},
  volume={39},
  number={3},
  pages={381--397},
  year={1992},
  publisher={Ieee}
}
@incollection{alleyne1995long,
  title={The long range detection of corrosion in pipes using Lamb waves},
  author={Alleyne, David and Cawley, Peter},
  booktitle={Review of progress in quantitative nondestructive evaluation},
  pages={2073--2080},
  year={1995},
  publisher={Springer}
}
@article{an2012integrated,
	title={Integrated impedance and guided wave based damage detection},
	author={An, Yun-Kyu and Sohn, Hoon},
	journal = {Mech. Syst. Signal Process.},
	volume={28},
	pages={50--62},
	year={2012},
	publisher={Elsevier}
}
@article{aryan2017model-based,
	title={A model‐based method for damage detection with guided waves},
	author={Aryan, P. and Kotousov, A. and Ng, C. T. and Cazzolato, B.},
	journal={Struct. Control Health. Monit.},
	volume={24},
	number={3},
	pages={1884},
	year={2017},
}
@article{ashwin2014formulation,
	title={Formulation of 36-noded piezoelectric spectral finite element scheme with active/passive layers coupled by {Lagrange} multipliers},
	author={Ashwin, U. and Raja, S. and Sathyanarayana, C. N.},
	journal={Smart Mater. Struct.},
	volume={23},
	number={8},
	pages={085017},
	year={2014},
	publisher={IOP Publishing},
}
@article{baid2015dispersion,
	title={Dispersion of Lamb waves in a honeycomb composite sandwich panel},
	author={Baid, Harsh and Schaal, Christoph and Samajder, Himadri and Mal, Ajit},
	journal={Ultrasonics},
	volume={56},
	pages={409--416},
	year={2015},
	publisher={Elsevier}
}
@article{balasubramaniam2021ultrasonic,
  title={Ultrasonic guided wave-based debond identification in a GFRP plate with L-stiffener},
  author={Balasubramaniam, Kaleeswaran and Sikdar, Shirsendu and Wandowski, Tomasz and Malinowski, Pawel H},
  journal={Smart Materials and Structures},
  volume={31},
  number={1},
  pages={015023},
  year={2021},
  publisher={IOP Publishing}
}
@inproceedings{buethe2016path,
	title={Path-based MAPOD using numerical simulations},
	author={Buethe, I. and Dominguez, N. and Jung, H. and Fritzen, C. P. and Ségur, D. and Reverdy, F.},
	booktitle={In Smart Intelligent Aircraft Structures (SARISTU)},
	pages={631--642},
	year={2016}
}
@article{catapano2014multi,
	title={A multi-scale approach for the optimum design of sandwich plates with honeycomb core. Part I: homogenisation of core properties},
	author={Catapano, Anita and Montemurro, Marco},
	journal={Compos. Struct.},
	volume={118},
	pages={664--676},
	year={2014},
	publisher={Elsevier}
}
@article{cerniglia20103d,
	title={3D simulations and experiments of guided wave propagation in adhesively bonded multi-layered structures},
	author={Cerniglia, D. and Pantano, A. and Montinaro, N.},
	journal={NDT \& E Int.},
	volume={43},
	number={6},
	pages={527--535},
	year={2010},
	publisher={Elsevier}
}
@inproceedings{chamis1983simplified,
	title={Simplified composite micromechanics equations for hygral, thermal and mechanical properties},
	author={Chamis, Christos C},
	booktitle={Ann. Conf. of the Society of the Plastics Industry (SPI) Reinforced Plastics/Composites Inst.},
	number={NASA-TM-83320},
	year={1983}
}
@inproceedings{chen2014analysis,
	title={Analysis of In-plane Equivalent Elastic Modulus of Aluminum Honeycomb Cores Based on Finite Element Method},
	author={Chen, Ming and Xu, Xu Can and Liu, Jin Fei},
	booktitle={Applied Mechanics and Materials},
	volume={477},
	pages={1159--1168},
	year={2014},
	organization={Trans Tech Publ}
}
@article{dugnani2017analytical,
	title={Analytical model of lap-joint adhesive with embedded piezoelectric transducer for weak bond detection},
	author={Dugnani, Roberto and Chang, Fu-Kuo},
	journal={J. Intell. Mat. Syst. Struct.},
	volume={28},
	number={1},
	pages={124--140},
	year={2017},
	publisher={SAGE Publications Sage UK: London, England}
}
@inproceedings{eremin2016analytically,
	title={Analytically based time-reversal technique for damage localization and characterization in laminate composite structures},
	author={Eremin, Artem and Glushkov, Evgeny and Glushkova, Natalia and Lammering, Rolf},
	booktitle={Proceedings of 8th European Workshop On Structural Health Monitoring (EWSHM 2016). Bilbao, Spain},
	pages={},
	year={2016}
}
@article{farrar2007introduction,
	title={An introduction to structural health monitoring},
	author={Farrar, Charles R and Worden, Keith},
	journal={Phil. Trans. R. Soc. A},
	volume={365},
	number={1851},
	pages={303--315},
	year={2007},
	publisher={The Royal Society London}
}
@book{ferreira2008matlab,
	title={MATLAB codes for finite element analysis: solids and structures},
	author={Ferreira, Ant{\'o}nio JM},
	volume={157},
	year={2008},
	publisher={Springer Science \& Business Media}
}
@article{fiborek2018time,
	title={Time-domain spectral element method for modelling of the electromechanical impedance of disbonded composites},
	author={Fiborek, Piotr and Malinowski, Pawe{\l} H and Kudela, Pawe{\l} and Wandowski, Tomasz and Ostachowicz, Wies{\l}aw M},
	journal={J. Intell. Mater. Syst. Struct.},
	pages={1045389X18758193},
	year={2018},
	publisher={SAGE Publications Sage UK: London, England}
}
@article{fiborek20192d,
	title={2D--3D interface coupling in the time domain spectral element method for the adhesive layer effects on guided wave propagation in composite plates},
	author={Fiborek, P. and Kudela, P. and Ostachowicz, W.},
	journal={Smart Mater. Struct.},
	volume={28},
	number={5},
	pages={055014},
	year={2019},
	publisher={IOP Publishing}
}
@article{fink1992time,
	title={Time reversal of ultrasonic fields. I. Basic principles},
	author={Fink, Mathias},
	journal={IEEE T. Utrason. Ferr.},
	volume={39},
	number={5},
	pages={555--566},
	year={1992},
	publisher={IEEE}
}
@article{flemisch2000elasto,
	title={Elasto-acoustic and acoustic-acoustic coupling on nonmatching grids},
	author={Flemisch, B. and Kaltenbacher, M. and Wohlmuth, B. I.},
	journal={Int. J. Numer. Meth. Eng.},
	pages={S1--6},
	year={2000}
}
@article{flemisch2012non,
	title={Non-matching grids for a flexible discretization in computational acoustics},
	author={Flemisch, Bernd and Kaltenbacher, Manfred and Triebenbacher, Simon and Wohlmuth, Barbara},
	journal={Commun. Comput. Phys.},
	volume={11},
	number={2},
	pages={472--488},
	year={2012},
	publisher={Cambridge University Press}
}
@article{gao2022model,
	title = {Model averaging and probability of detection estimation under hierarchical uncertainties for Lamb wave detection},
	journal = {Mech. Syst. Signal Process.},
	volume = {165},
	pages = {108302},
	year = {2022},
	issn = {0888-3270},
	url = {https://www.sciencedirect.com/science/article/pii/S088832702100666X},
	author = {Chenjun Gao and Ziwei Fang and Jing Lin and Xuefei Guan and Jingjing He}
}
@article{geuzaine2009gmsh,
	title={Gmsh: A 3-D finite element mesh generator with built-in pre-and post-processing facilities},
	author={Geuzaine, Christophe and Remacle, Jean-Fran{\c{c}}ois},
	journal={Int. J. Numer. Meth. Eng.},
	volume={79},
	number={11},
	pages={1309--1331},
	year={2009},
	publisher={Wiley Online Library}
}
@article{gibson1982mechanics,
	title={The mechanics of two-dimensional cellular materials},
	author={Gibson, Lorna J and Ashby, Michael Farries and Schajer, GS and Robertson, CI},
	journal={Proc. R. Soc. Lond. A},
	volume={382},
	number={1782},
	pages={25--42},
	year={1982},
	publisher={The Royal Society London}
}
@article{giurgiutiu2000characterization,
	title={Characterization of piezoelectric wafer active sensors},
	author={Giurgiutiu, Victor and Zagrai, Andrei N},
	journal={J. Intell. Mater. Syst. Struct.},
	volume={11},
	number={12},
	pages={959--976},
	year={2000},
	publisher={Sage Publications Sage UK: London, England}
}
@article{giurgiutiu2004embedded,
  title={Embedded-ultrasonics structural radar for in situ structural health monitoring of thin-wall structures},
  author={Giurgiutiu, Victor and Bao, JingJing},
  journal={Structural Health Monitoring},
  volume={3},
  number={2},
  pages={121--140},
  year={2004},
  publisher={Sage Publications Sage CA: Thousand Oaks, CA}
}
@article{giurgiutiu2005damage,
	title={Damage detection in thin plates and aerospace structures with the electro-mechanical impedance method},
	author={Giurgiutiu, Victor and Zagrai, Andrei},
	journal={Struct. Health Monit.},
	volume={4},
	number={2},
	pages={99--118},
	year={2005},
	publisher={Sage Publications Sage CA: Thousand Oaks, CA}
}
@misc{giurgiutiu2009micromechatronics,
	title={Micromechatronics: modeling, analysis, and design with {Matlab}{\textsuperscript{\textregistered}}},
	author={Giurgiutiu, V. and Lyshevski, S. E.},
	year={2009},
	publisher={CRC Press, Boca Raton, Fl}
}
@incollection{guemes2010smart,
	title={Smart textile and polymer fibres for structural health monitoring},
	author={G{\"u}emes, A. and Messervey, T. B.},
	booktitle={Textiles, Polymers and Composites for Buildings},
	pages={330--350},
	year={2010},
	publisher={Elsevier}
}
@article{guo1993interaction,
	title={The interaction of {Lamb} waves with delaminations in composite laminates},
	author={Guo, N. and Cawley, Peter},
	journal={J. Acoust. Soc. Am.},
	volume={94},
	number={4},
	pages={2240--2246},
	year={1993},
	publisher={ASA}
}
@article{hosseini2013numerical,
	title={Numerical simulation of the Lamb wave propagation in honeycomb sandwich panels: a parametric study},
	author={Hosseini, Seyed Mohammad Hossein and Gabbert, Ulrich},
	journal={Compos. Struct.},
	volume={97},
	pages={189--201},
	year={2013},
	publisher={Elsevier}
}
@manual{huber2021dispersion,
  	title        = {Dispersion calculator user's manual},
	author       = {Huber, Armin},
	organization = {Center for Lightweight Production Technology (ZLP) Institute of Structures and Design German Aerospace Center (DLR)},
	address      = {Augsburg, Germany},
	year         = {2021}
}
@article{ihn2008pitch,
	title={Pitch-catch active sensing methods in structural health monitoring for aircraft structures},
	author={Ihn, Jeong-Beom and Chang, Fu-Kuo},
	journal={Struct. Health Monit.},
	volume={7},
	number={1},
	pages={5--19},
	year={2008},
	publisher={Sage Publications Sage UK: London, England}
}
@article{janapati2016damage,
	title={Damage detection sensitivity characterization of acousto-ultrasound-based structural health monitoring techniques},
	author={Janapati, Vishnuvardhan and Kopsaftopoulos, Fotis and Li, Frank and Lee, Sang Jun and Chang, Fu-Kuo},
	journal={Struct. Health Monit.},
	volume={15},
	number={2},
	pages={143--161},
	year={2016},
	publisher={Sage Publications Sage UK: London, England}
}
@article{kudela2008damage,
	title={Damage detection in composite plates with embedded PZT transducers},
	author={Kudela, Pawe{\l{}} and Ostachowicz, Wies{\l{}}aw and {\.Z}ak, Arkadiusz},
	journal={Mech. Syst. Signal Process.},
	volume={22},
	number={6},
	pages={1327--1335},
	year={2008},
	publisher={Elsevier}
}
@inproceedings{kudela20093d,
	title={{3D} time-domain spectral elements for stress waves modelling},
	author={Kudela, Pawe{\l{}} and Ostachowicz, Wies{\l{}}aw},
	booktitle={J. Phys. Conf. Ser.},
	volume={181},
	pages={012091},
	year={2009},
	organization={IOP Publishing}
}
@article{kudela2016parallel,
	title={Parallel implementation of spectral element method for Lamb wave propagation modeling},
	author={Kudela, Pawel},
	journal={Int. J. Numer. Meth. Eng.},
	volume={106},
	number={6},
	pages={413--429},
	year={2016},
	publisher={Wiley Online Library}
}
@article{kudela2018structural,
  title={Structural Health Monitoring system based on a concept of Lamb wave focusing by the piezoelectric array},
  author={Kudela, Pawel and Radzienski, Maciej and Ostachowicz, Wieslaw and Yang, Zhibo},
  journal={Mechanical Systems and Signal Processing},
  volume={108},
  pages={21--32},
  year={2018},
  publisher={Elsevier}
}
@article{kudela2020parallel,
	title={Parallel spectral element method for guided wave based structural health monitoring},
	author={Kudela, Pawel and Moll, Jochen and Fiborek, Piotr},
	journal={Smart Mater. Struct.},
	volume={29},
	number={9},
	pages={19},
	year={2020},
	publisher={IOP Publishing}
}
@article{li2014efficient,
	title={Efficient inverse isoparametric mapping algorithm for whole--body computed tomography registration using deformations predicted by nonlinear finite element modeling},
	author={Li, Mao and Wittek, Adam and Miller, Karol},
	journal={J. Biomech. Eng.},
	volume={136},
	number={8},
	pages={084503},
	year={2014},
	publisher={ASME}
}
@article{liang1994impedance,
	title={An impedance method for dynamic analysis of active material systems},
	author={Liang, Chen and Sun, Fan Ping and Rogers, Craig A},
	journal={J. Vib. Acoust.},
	volume={116},
	number={1},
	pages={120--128},
	publisher={ASME},
	year={1994}
}
@inproceedings{lonkar2012model,
	title={A model-assisted integrated diagnostics for structural health monitoring},
	author={Lonkar, Kuldeep P and Janapati, Vishnuvardhan and Roy, Surajit and Chang, Fu-Kuo},
	booktitle={53rd AIAA/ASME/ASCE/AHS/ASC Structures, Structural Dynamics and Materials Conference 20th AIAA/ASME/AHS Adaptive Structures Conference 14th AIAA},
	pages={1814},
	year={2012}
}
@article{lowe1998defect,
  title={Defect detection in pipes using guided waves},
  author={Lowe, Mike JS and Alleyne, David N and Cawley, Peter},
  journal={Ultrasonics},
  volume={36},
  number={1-5},
  pages={147--154},
  year={1998},
  publisher={Elsevier}
}
@article{lu2006crack,
	title={Crack identification in aluminium plates using Lamb wave signals of a {PZT} sensor network},
	author={Lu, Ye and Ye, Lin and Su, Zhongqing},
	journal={Smart Mater. Struct.},
	volume={15},
	number={3},
	pages={839},
	year={2006},
	publisher={IOP Publishing}
}
@article{malek2015effective,
	title={Effective elastic properties of periodic hexagonal honeycombs},
	author={Malek, Sardar and Gibson, Lorna},
	journal={Mech. Mater.},
	volume={91},
	pages={226--240},
	year={2015},
	publisher={Elsevier}
}
@inproceedings{malinowski2014characterisation,
  title={Characterisation of CFRP adhesive bonds by electromechanical impedance},
  author={Malinowski, Pawel H and Wandowski, Tomasz and Ostachowicz, Wieslaw M},
  booktitle={Health Monitoring of Structural and Biological Systems 2014},
  volume={9064},
  pages={906415},
  year={2014},
  organization={International Society for Optics and Photonics}
}
@article{malinowski2015use,
	title={The use of electromechanical impedance conductance signatures for detection of weak adhesive bonds of carbon fibre--reinforced polymer},
	author={Malinowski, Pawel and Wandowski, Tomasz and Ostachowicz, Wieslaw},
	journal={Struct. Health Monit.},
	volume={14},
	number={4},
	pages={332--344},
	year={2015},
	publisher={SAGE Publications Sage UK: London, England}
}
@article{mindlin1951influence,
	title={Influence of rotary inertia and shear on flexural motion of isotropic elastic plates},
	author={Mindlin, Raymond D},
	journal={J. Appl. Mech.},
	volume={18},
	pages={31--38},
	year={1951},
	publisher={ASME}
}

@article{moriot2018model,
	title={A model-based approach for statistical assessment of detection and localization performance of guided wave–based imaging techniques},
	author={Moriot, J. and Quaegebeur, N. and Le Duff, A. and Masson, P.},
	journal={Compos. Struct.},
	volume={917},
	number={6},
	pages={1460--1472},
	year={2018},
}
@article{mustapha2011assessment,
	title={Assessment of debonding in sandwich CF/EP composite beams using A0 Lamb wave at low frequency},
	author={Mustapha, Samir and Ye, Lin and Wang, Dong and Lu, Ye},
	journal={Compos. Struct.},
	volume={93},
	number={2},
	pages={483--491},
	year={2011},
	publisher={Elsevier}
}
@article{mustapha2014leaky,
	title={Leaky and non-leaky behaviours of guided waves in CF/EP sandwich structures},
	author={Mustapha, Samir and Ye, Lin},
	journal={Wave Motion},
	volume={51},
	number={6},
	pages={905--918},
	year={2014},
	publisher={Elsevier}
}
@article{ostachowicz2008elastic,
	title={Elastic wave phased array for damage localisation},
	author={Ostachowicz, Wies{\l}aw and Wandowski, Tomasz and Malinowski, Pawe{\l}},
	journal={J. Theor. Appl. Mech.},
	volume={46},
	number={4},
	pages={917--931},
	year={2008}
}
@book{ostachowicz2011guided,
	title={Guided waves in structures for SHM: the time-domain spectral element method},
	author={Ostachowicz, Wieslaw and Kudela, Pawel and Krawczuk, Marek and {\.Z}ak, Arkadiusz},
	year={2011},
	publisher={John Wiley \& Sons}
}
@article{park2003overview,
	title={Overview of piezoelectric impedance-based health monitoring and path forward},
	author={Park, Gyuhae and Sohn, Hoon and Farrar, Charles R and Inman, Daniel J and others},
	journal={Shock vibr. dig.},
	volume={35},
	number={6},
	pages={451--464},
	year={2003},
	publisher={Citeseer}
}
@article{park2007time,
  title={Time reversal active sensing for health monitoring of a composite plate},
  author={Park, Hyun Woo and Sohn, Hoon and Law, Kincho H and Farrar, Charles R},
  journal={Journal of Sound and Vibration},
  volume={302},
  number={1-2},
  pages={50--66},
  year={2007},
  publisher={Elsevier}
}
@article{patera1984spectral,
	title={A spectral element method for fluid dynamics: laminar flow in a channel expansion},
	author={Patera, Anthony T},
	journal={J. Comput. Phys.},
	volume={54},
	number={3},
	pages={468--488},
	year={1984},
	publisher={Elsevier}
}
@inproceedings{qi2008ultrasonic,
	title={Ultrasonic guided wave nondestructive testing for helicopter rotor blades},
	author={Qi, Xue and Rose, Joseph L and Xu, Chunguang},
	booktitle={17th world conference on nondestructive testing, Shanghai, China},
	volume={2008},
	pages={1--7},
	year={2008}
}
@article{radzienski2016assessment,
	title={Assessment of honeycomb core condition in composite sandwich panels by means of guided waves},
	author={Radzienski, Maciej and Kudela, Pawel and Ostachowicz, Wieslaw},
	journal={E-journal of NDT},
	year={2016}
}
@article{reissner1945effect,
	title={The effect of transverse shear deformation on the bending of elastic plates},
	author={Reissner, Eric},
	journal={J. Appl. Mech.},
	volume={12},
	pages={68--77},
	year={1945},
	publisher={ASME}
}
@article{rekatsinas2017cubic,
	title={A cubic spline layerwise time domain spectral FE for guided wave simulation in laminated composite plate structures with physically modeled active piezoelectric sensors},
	author={Rekatsinas, Christoforos S. and Saravanos, Dimitris A.},
	journal={Int. J. Solids Struct.},
	volume={124},
	pages={176--191},
	year={2017},
	publisher={Elsevier}
}
@article{rucka2018damage,
  title={Damage imaging in Lamb wave-based inspection of adhesive joints},
  author={Rucka, Magdalena and Wojtczak, Erwin and Lachowicz, Jacek},
  journal={Applied Sciences},
  volume={8},
  number={4},
  pages={522},
  year={2018},
  publisher={Multidisciplinary Digital Publishing Institute}
}
@article{ruzzene2003wave,
	title={Wave beaming effects in two-dimensional cellular structures},
	author={Ruzzene, Massimo and Scarpa, Fabrizio and Soranna, Francesco},
	journal={Smart Mater. Struct.},
	volume={12},
	number={3},
	pages={363},
	year={2003},
	publisher={IOP Publishing}
}
@book{rytter1993vibrational,
	title={Vibrational based inspection of civil engineering structures},
	author={Rytter, Anders},
	year={1993},
	publisher={Dept. of Building Technology and Structural Engineering, Aalborg University}
}
@article{salamone2009guided,
	title={Guided-wave health monitoring of aircraft composite panels under changing temperature},
	author={Salamone, Salvatore and Bartoli, Ivan and Lanza Di Scalea, Francesco and Coccia, Stefano},
	journal={J. Intell. Mater. Syst. Struct.},
	volume={20},
	number={9},
	pages={1079--1090},
	year={2009},
	publisher={Sage Publications Sage UK: London, England}
}
@article{scelsi2011potential,
	title={Potential emissions savings of lightweight composite aircraft components evaluated through life cycle assessment},
	author={Scelsi, L. and Bonner, M. and Hodzic, A. and Soutis, C. and Wilson, C. and Scaife, R. and Ridgway, K.},
	journal={Express Polym. Lett.},
	volume={5},
	number={3},
	year={2011}
}
@article{sevillano2016damage,
	title={Damage detection based on power dissipation measured with PZT sensors through the combination of electro-mechanical impedances and guided waves},
	author={Sevillano, Enrique and Sun, Rui and Perera, Ricardo},
	journal={Sensors},
	volume={16},
	number={5},
	pages={639},
	year={2016},
	publisher={Multidisciplinary Digital Publishing Institute}
}
@article{shi1995derivation,
	title={The derivation of equivalent constitutive equations of honeycomb structures by a two scale method},
	author={Shi, G. and Tong, P.},
	journal={Comput. Mech.},
	volume={15},
	number={5},
	pages={395--407},
	year={1995},
	publisher={Springer}
}
@article{sikdar2016guided,
	title={Guided wave propagation in a honeycomb composite sandwich structure in presence of a high density core},
	author={Sikdar, Shirsendu and Banerjee, Sauvik},
	journal={Ultrasonics},
	volume={71},
	pages={86--97},
	year={2016},
	publisher={Elsevier}
}
@article{sikdar2016ultrasonic,
	title={Ultrasonic guided wave propagation and disbond identification in a honeycomb composite sandwich structure using bonded piezoelectric wafer transducers},
	author={Sikdar, Shirsendu and Banerjee, Sauvik and Ashish, G.},
	journal={J. Intell. Mater. Syst. Struct.},
	volume={27},
	number={13},
	pages={1767--1779},
	year={2016},
	publisher={Sage Publications Sage UK: London, England}
}
@book{sikdar2017structural,
	title={Structural Health Monitoring of Advanced Composites Using Guided Waves: Online Monitoring of Defects/Discontinuities in Advanced Composite Structures Using Ultrasonic 		Guided Waves and PZTs},
	author={Sikdar, Shirsendu and Banerjee, Sauvik},
	year={2017},
	publisher={LAP LAMBERT Academic Publishing}
}
@article{silva2009exact,
	title={Exact and efficient interpolation using finite elements shape functions},
	author={Silva, Gustavo HC and Le Riche, Rodolphe and Molimard, J{\'e}r{\^o}me and Vautrin, Alain},
	journal={Eur. J. Comput. Mech.},
	volume={18},
	number={3-4},
	pages={307--331},
	year={2009},
	publisher={Taylor \& Francis}
}
@article{sohn2011delamination,
	title={Delamination detection in composites through guided wave field image processing},
	author={Sohn, Hoon and Dutta, D and Yang, Jin-Yeol and Park, Hyun-Jun and DeSimio, M and Olson, S and Swenson, E},
	journal={Composites science and technology},
	volume={71},
	number={9},
	pages={1250--1256},
	year={2011},
	publisher={Elsevier}
}
@article{song2009guided,
	title={Guided wave propagation in honeycomb sandwich structures using a piezoelectric actuator/sensor system},
	author={Song, F. and Huang, G. L. and Hudson, K.},
	journal={Smart Mater. Struct.},
	volume={18},
	number={12},
	pages={125007},
	year={2009},
	publisher={IOP Publishing}
}
@article{su2004selective,
	title={Selective generation of Lamb wave modes and their propagation characteristics in defective composite laminates},
	author={Su, Zhongqing and Ye, Lin},
	journal={Proc. Inst. Mech. Eng. L},
	volume={218},
	number={2},
	pages={95--110},
	year={2004},
	publisher={SAGE Publications Sage UK: London, England}
}
@article{su2006guided,
	title={Guided Lamb waves for identification of damage in composite structures: A review},
	author={Su, Zhongqing and Ye, Lin and Lu, Ye},
	journal={J. Sound. Vib.},
	volume={295},
	number={3-5},
	pages={753--780},
	year={2006},
	publisher={Elsevier}
}
@article{surana1980transition,
	title={Transition finite elements for three-dimensional stress analysis},
	author={Surana, Karan S.},
	journal={Int. J. Numer. Methods. Eng.},
	volume={15},
	number={7},
	pages={991--1020},
	year={1980},
	publisher={Wiley Online Library}
}
@article{tian2015delamination,
	title={Delamination detection and quantification on laminated composite structures with Lamb waves and wavenumber analysis},
	author={Tian, Zhenhua and Yu, Lingyu and Leckey, Cara},
	journal={Journal of Intelligent Material Systems and Structures},
	volume={26},
	number={13},
	pages={1723--1738},
	year={2015},
	publisher={Sage Publications Sage UK: London, England}
}
@inproceedings{tian2015wavenumber,
	title={Wavenumber study of guided waves in aluminum honeycomb sandwich structures},
	author={Tian, Zhenhua and Yu, Lingyu and Huang, Guoliang and van Tooren, Michel and Mitchell, Will},
	booktitle={Health monitoring of structural and biological systems 2015},
	volume={9438},
	pages={943807},
	year={2015},
	organization={International Society for Optics and Photonics}
}
@article{tua2004detection,
  title={Detection of cracks in plates using piezo-actuated Lamb waves},
  author={Tua, PS and Quek, ST and Wang, Q},
  journal={Smart Materials and Structures},
  volume={13},
  number={4},
  pages={643},
  year={2004},
  publisher={IOP Publishing}
}
@article{tschoke2021feasibility,
	title={Feasibility of Model-Assisted Probability of Detection Principles for Structural Health Monitoring Systems Based on Guided Waves for Fiber-Reinforced Composites},
	author={Tsch\"oke, K. and Mueller, I. and Memmolo, V. and Moix-Bonet, M. and Moll, J. and Lugovtsova, Y. and Schubert, L.},
	journal={IEEE T. Utrason. Ferr.},
	volume={68},
	number={10},
	pages={3156--3173},
	year={2021},
	publisher={IEEE}
}
@article{wee2017simulating,
	title={Simulating increased Lamb wave detection sensitivity of surface bonded fiber Bragg grating},
	author={Wee, J and Hackney, DA and Bradford, PD and Peters, KJ},
	journal={Smart Mater. Struct.},
	volume={26},
	number={4},
	pages={045034},
	year={2017},
	publisher={IOP Publishing}
}
@article{worden2007fundamental,
	title={The fundamental axioms of structural health monitoring},
	author={Worden, Keith and Farrar, Charles R and Manson, Graeme and Park, Gyuhae},
	journal={Proc. Math. Phys. Eng. Sci.},
	volume={463},
	number={2082},
	pages={1639--1664},
	year={2007},
	publisher={The Royal Society London}
}
@article{yu2019core,
	title={Core--skin debonding detection in honeycomb sandwich structures through guided wave wavefield analysis},
	author={Yu, Lingyu and Tian, Zhenhua and Li, Xiaopeng and Zhu, Rui and Huang, Guoliang},
	journal={J. Intell. Mater. Syst. Struct.},
	volume={30},
	number={9},
	pages={1306--1317},
	year={2019},
	publisher={SAGE Publications Sage UK: London, England}
}
@article{zagrai2001electro,
	title={Electro-mechanical impedance method for crack detection in thin plates},
	author={Zagrai, Andrei N and Giurgiutiu, Victor},
	journal={J. Intell. Mater. Syst. Struct.},
	volume={12},
	number={10},
	pages={709--718},
	year={2001},
	publisher={Sage Publications Sage CA: Thousand Oaks, CA}
}
@article{zhao2018wave,
	title={Wave Propagation in Aluminum Honeycomb Plate and Debonding Detection Using Scanning Laser Vibrometer},
	author={Zhao, Jingjing and Li, Fucai and Cao, Xiao and Li, Hongguang},
	journal={Sensors},
	volume={18},
	number={6},
	pages={1669},
	year={2018},
	publisher={Multidisciplinary Digital Publishing Institute}
}
@article{zhou1996impedance,
	title={An impedance-based system modeling approach for induced strain actuator-driven structures},
	author={Zhou, Su-Wei and Liang, Chen and Rogers, Craig A},
	journal={J. Vib. Acoust.},
	volume={118},
	number={3},
	pages={323--331},
	publisher={ASME},
	year={1996}
}
@article{zima2020detection,
  title={Detection and size estimation of crack in plate based on guided wave propagation},
  author={Zima, Beata and Kedra, Rafal},
  journal={Mechanical Systems and Signal Processing},
  volume={142},
  pages={106788},
  year={2020},
  publisher={Elsevier}
}
